@ARTICLE{cheesman-84,
  author = {Jim Cheesman and Philip M Merikle},
  title = {priming with and without awareness},
  journal = {Perception \& Psychophysics},
  year = {1984},
  volume = {36},
  pages = {387-395},
  number = {4},
  timestamp = {2007.04.03}
}

@BOOK{book-98,
  author = {John Doe and Jane Doe},
  title = {Some very interesting book title},
  year = {1998},
  publisher = {Publisher}
}

@BOOK{apamanual,
  author = {{\bibcorporate{American Psychological Association}}},
  title = {Publication Manual of the American Psychological Association},
  year = {2001},
  publisher = {American Psychological Association},
  edition = {5},
  address = {Washington, DC}
}

@BOOK{apamanual2,
  author = {{\bibcorporate{American Psychological Association}}},
  title = {Concise Rules of APA Style},
  year = {2005},
  publisher = {American Psychological Association},
  edition = {5},
  address = {Washington, DC}
}

@BOOK{apamanual3,
  author = {P M Houghton and M F Peters},
  title = {APA: The Easy Way!},
  year = {2005},
  publisher = {Baker College},
  address = {Port Huron, MI}
}

@INPROCEEDINGS{proceedings-90,
	author = {Hans Muster},
	title = {yet another title},
	booktitle = {proceedings of a very important confrence},
	year = {2008},
}

